@article{erdos59,
	author = "Paul Erd\"os and Alfr\'ed R\'enyi",
	title = "On random graphs I",
	journal = "Publ. Math. Debrecen",
	volume = "6",
	year = "1959",
	pages = "290--297"
}
@article{erdos60,
	author = "Paul Erd\"os and Alfr\'ed R\'enyi",
	title = "On the evolution of random graphs",
	journal = "Publ. Math. Inst. Hung. Acad. Sci",
	volume = "5",
	year = "1960",
	pages = "17--61"
}
@article{erdosevol61,
	author = "Paul Erd\"os and Alfr\'ed R\'enyi",
	title = "On the evolution of random graphs",
	journal = "Bull. Inst. Internat. Statist.",
	volume = "38",
	year = "1961",
	pages = "343--347"
}
@article{erdosconnect61,
	author = "Paul Erd\"os and Alfr\'ed R\'enyi",
	title = "On the strength of connectedness of a random graph",
	journal = "Acta. Math. Acad. Sci. Hungar",
	volume = "12",
	year = "1961",
	pages = "261--267"
}
@article{erdos63,
	author = "Paul Erd\"os and Alfr\'ed R\'enyi",
	title = "Asymmetric graphs",
	journal = "Acta. Math. Acad. Sci. Hungar",
	volume = "14",
	year = "1963",
	pages = "295--315"
}
